<?xml version="1.0" encoding="UTF-8"?><collection xmlns="http://www.loc.gov/MARC21/slim"><record><leader>00381nam--2200121-i-4500</leader><controlfield tag="001">000037013</controlfield><controlfield tag="002">20161230</controlfield><controlfield tag="005">20161230201041</controlfield><controlfield tag="008">060222s1000------------r-----000-0-eng-d</controlfield><datafield ind1=" " ind2=" " tag="245"><subfield code="a">Principles of modern chemisstry. a guide to advanced study. a series of monographs. 2: physical organic chemistry</subfield></datafield><datafield ind1=" " ind2=" " tag="260"><subfield code="a">Amsterdam, Elsevier Publ.Co., 1966</subfield></datafield><datafield ind1=" " ind2=" " tag="700"><subfield code="a">Forbres, W.F</subfield></datafield><datafield ind1=" " ind2=" " tag="852"><subfield code="a">24628</subfield></datafield></record></collection>